<?xml version="1.0" encoding="UTF-8"?><record xmlns="http://www.loc.gov/MARC21/slim" xmlns:cinclude="http://apache.org/cocoon/include/1.0" xmlns:zs="http://www.loc.gov/zing/srw/">
  <leader>00337nz  a2200133n  4500</leader>
  <controlfield tag="001">n  89219436 </controlfield>
  <controlfield tag="003">DLC</controlfield>
  <controlfield tag="005">19930330104412.9</controlfield>
  <controlfield tag="008">930330n| acannaab|          |a aaa |||  </controlfield>
  <datafield tag="010" ind1=" " ind2=" ">
    <subfield code="a">n  89219436 </subfield>
  </datafield>
  <datafield tag="040" ind1=" " ind2=" ">
    <subfield code="a">DLC</subfield>
    <subfield code="c">DLC</subfield>
  </datafield>
  <datafield tag="100" ind1="0" ind2="0">
    <subfield code="a">Lynne Khadijah</subfield>
  </datafield>
  <datafield tag="400" ind1="1" ind2="0">
    <subfield code="a">Khadijah, Lynne</subfield>
  </datafield>
  <datafield tag="670" ind1=" " ind2=" ">
    <subfield code="a">Ismail Hanapiah. Jentayu, 1991:</subfield>
    <subfield code="b">t.p. (Lynne Khadijah)</subfield>
  </datafield>
</record>